@article{nasa2020,
  title={Radiation-Hardened FPGA Implementations for Autonomous Space Navigation},
  author={Anderson, John and Patel, Ketan},
  journal={IEEE Aerospace Conference Proceedings},
  pages={1--12},
  year={2020}
}

@article{esa2021,
  title={ASIC-Based Vision Processors for European Space Applications},
  author={Muller, Michael and Schmidt, Anna and Dubois, Pierre},
  journal={Journal of Spacecraft and Rockets},
  volume={58},
  number={3},
  pages={789--801},
  year={2021}
}

@techreport{isro2022,
  title={Power-Efficient CNN Accelerator Design for Indian Space Missions},
  author={Sharma, Rajesh and Desai, Amit},
  institution={ISRO},
  number={TR-2022-AI-004},
  year={2022}
}

@inproceedings{tvm2018,
  title={TVM: An Automated End-to-End Optimizing Compiler for Deep Learning},
  author={Chen, Tianqi and Moreau, Thierry and Jiang, Ziheng and Zheng, Lianmin and Yan, Eddie and Cowan, Meghan and Shen, Haichen and Wang, Leyuan and Hu, Yuwei and Ceze, Luis and others},
  booktitle={13th USENIX Symposium on Operating Systems Design and Implementation},
  pages={578--594},
  year={2018}
}

@article{mlir2020,
  title={MLIR: A Compiler Infrastructure for the End of Moore's Law},
  author={Lattner, Chris and Amini, Mehdi and Bondhugula, Uday and Cohen, Albert and Davis, Andy and Pienaar, Jacques and Riddle, River and Shpeisman, Tatiana and Vasilache, Nicolas and Zinenko, Oleksandr},
  journal={arXiv preprint arXiv:2002.11054},
  year={2020}
}

@misc{googletpu2019,
  title={Compiling for Edge TPUs: Practical Optimizations for On-Device ML},
  author={Jouppi, Norman and Yoon, Doe and Ashcraft, Mark and others},
  howpublished={Google AI Blog},
  year={2019},
}

@article{systolic2021,
  title={Memory-Efficient Systolic Arrays for Space-Grade Neural Networks},
  author={Chen, Yifan and Chen, Wei},
  journal={IEEE Transactions on Aerospace and Electronic Systems},
  volume={57},
  number={2},
  pages={1023--1035},
  year={2021}
}

@inproceedings{encoding2020,
  title={Compressed Weight Encoding for Radiation-Hardened Neural Networks},
  author={Gupta, Sanjay and Li, Lin},
  booktitle={Proceedings of the International Conference on Compilers, Architectures and Synthesis for Embedded Systems},
  pages={1--10},
  year={2020}
}

@article{buffering2019,
  title={Double-Buffering Techniques for Real-Time Space Applications},
  author={Kumar, Arun and Zhang, Peng},
  journal={ACM Transactions on Embedded Computing Systems},
  volume={18},
  number={5s},
  pages={1--22},
  year={2019}
}